@article{HESS20015211,
title = {Linear trend analysis: a comparison of methods},
journal = {Atmospheric Environment},
volume = {35},
number = {30},
pages = {5211-5222},
year = {2001},
note = {Visibility, Aerosol and Atmospheric Optics},
issn = {1352-2310},
doi = {https://doi.org/10.1016/S1352-2310(01)00342-9},
url = {https://www.sciencedirect.com/science/article/pii/S1352231001003429},
author = {Ann Hess and Hari Iyer and William Malm},
abstract = {In this paper, we present an overview of statistical approaches available for detecting and estimating linear trends in environmental data. We evaluate seven methods of trend detection and make recommendations based on a simulation study. We also illustrate the methods using real data.}
}