@article{SchmidtTraub2018SDGIA,
  title={SDG Index and Dashboards Report 2018. Global responsibilities. Implementing the goals.},
  author={Guido Schmidt-Traub and Christian Kroll and Guillame Lafortune and Grayson Fuller},
  year={2018}
}