@article{diaz2018sustainable,
  title={Is the Sustainable Development Goals (SDG) index an adequate framework to measure the progress of the 2030 Agenda?},
  author={Diaz-Sarachaga, Jose Manuel and Jato-Espino, Daniel and Castro-Fresno, Daniel},
  journal={Sustainable Development},
  volume={26},
  number={6},
  pages={663--671},
  year={2018},
  publisher={Wiley Online Library}
}
